<?xml version="1.0" encoding="UTF-8"?><collection xmlns="http://www.loc.gov/MARC21/slim"><record><leader>00534nam--2200181-i-4500</leader><controlfield tag="001">000021191</controlfield><controlfield tag="002">20161230</controlfield><controlfield tag="005">20161230201034</controlfield><controlfield tag="008">060222s1000------------r-----000-0-eng-d</controlfield><datafield ind1=" " ind2=" " tag="040"><subfield code="a">IFIN-HH</subfield></datafield><datafield ind1=" " ind2=" " tag="080"><subfield code="a">339.12.04</subfield></datafield><datafield ind1="1" ind2=" " tag="100"><subfield code="a">Hollaender, Alexander</subfield></datafield><datafield ind1="1" ind2="0" tag="245"><subfield code="a">Radiation biology</subfield><subfield code="c">Alexander hollaender (ed.)</subfield></datafield><datafield ind1=" " ind2=" " tag="260"><subfield code="a">New York</subfield><subfield code="b">Mcgraw-hill Book Company, Inc</subfield><subfield code="c">1956</subfield></datafield><datafield ind1=" " ind2=" " tag="300"><subfield code="a">THREE VOLUMES</subfield></datafield><datafield ind1="1" ind2=" " tag="787"><subfield code="a">Volume Iii</subfield><subfield code="h">Viii + 765p</subfield><subfield code="t">Visible And Near-visible Light</subfield></datafield><datafield ind1=" " ind2=" " tag="852"><subfield code="a">10635</subfield><subfield code="c">539.12.04</subfield></datafield><datafield ind1=" " ind2=" " tag="CAT"><subfield code="a">Sys</subfield><subfield code="c">20120202</subfield><subfield code="h">151534</subfield></datafield></record></collection>